@article{Artikel_orginal,
	address = {M{\"u}nchen},
	author = {Gert La{\ss}mann},
	date-modified = {2023-10-26 17:39:06 +0200},
	edition = {1},
	editor = {Arbeitskreis Internes Rechnungswesen der Schmalenbach-Gesellschaft f{\"u}r Betriebswirtschaft e.V.},
	journal = {S{\"a}ulen der Kostenrechnung},
	pages = {288-312},
	publisher = {Vahlen},
	rating = {0},
	read = {0},
	title = {Die Kosten- und Erl{\"o}srechnung als Instrument der Planung und Kontrolle in Industriebetrieben},
	year = {2017}}

@misc{noauthor_betriebsplankostenrechnung_2023,
	type = {Online-{Lexikon}},
	title = {Betriebsplankostenrechnung},
	url = {http://www.daswirtschaftslexikon.com/d/betriebsplankostenrechnung/betriebsplankostenrechnung.htm#bet70H04},
	language = {Deutsch},
	urldate = {2023-10-30},
	journal = {Das Wirtschaftslexikon},
	month = oct,
	year = {2023},
	file = {Betriebsplankostenrechnung - das Wirtschaftslexikon .com:/Users/I570199/Zotero/storage/52MRS6XT/betriebsplankostenrechnung.html:text/html},
}